@ARTICLE{Archibald_Roger:2002,
  AUTHOR =       "J. M. Archibald and A. J. Roger",
  TITLE =        "Gene conversion and the evolution of euryarchaeal chaperonins:
                  a maximum likelihood-based method for detecting conflicting phylogenetic signal",
  JOURNAL =      "J. Mol. Evol.",
  YEAR =         "2002",
  VOLUME =       "55",
  PAGES =        "232--245"
}

@ARTICLE{Bar-Hen_Kishino:2000,
  AUTHOR =       "A. Bar-Hen and H. Kishino",
  TITLE =        "Comparing the likelihood functions of phylogenetic trees",
  JOURNAL =      "Ann. Inst. Stat. Math.",
  YEAR =         "2000",
  VOLUME =       "42",
  PAGES =        "43--56"
}

@ARTICLE{Blouin_Butt_Roger:2005,
  AUTHOR =       "C. Blouin and D. Butt and A. J. Roger",
  TITLE =        "The impact of taxon sampling on the estimation of rate of evolution at sites",
  JOURNAL =      "Mol. Biol. Evol.",
  YEAR =         "2005",
  VOLUME =       "22",
  PAGES =        "784--791"
}

@INCOLLECTION{Bryant_Galtier_Poursat:2005,
  AUTHOR =       "D. Bryant and N. Galtier and M. A. Poursat",
  TITLE =        "Likelihood calculation in molecular phylogenetics",
  BOOKTITLE =    "Mathematics of evolution and phylogeny",
  EDITOR =       "O. Gascuel",
  PUBLISHER =    "Oxford University Press",
  ADDRESS =      "Oxford",
  YEAR =         "2005",
  PAGES =        "33--62"
}

@ARTICLE{Efron:1979,
  AUTHOR =       "B. Efron",
  TITLE =        "Bootstrap methods: another look at the jackknife",
  JOURNAL =      "Ann. Stat.",
  YEAR =         "1979",
  VOLUME =       "7",
  PAGES =        "1--26"
}

@ARTICLE{Felsenstein:1985,
  AUTHOR =       "J. Felsenstein",
  TITLE =        "Confidence limits on phylogenies: an approach using the bootstrap",
  JOURNAL =      "Ann. Stat.",
  YEAR =         "1985",
  VOLUME =       "39",
  PAGES =        "783--791"
}

@BOOK{Felsenstein:2004,
  AUTHOR =       "J. Felsenstein",
  TITLE =        "Inferring phylogenies",
  PUBLISHER =    "Sinauer Associates",
  ADDRESS =      "Sunderland (MA)",
  YEAR =         "2004"
}

@ARTICLE{Guindon_Gascuel:2003,
  AUTHOR =       "S. Guindon and O. Gascuel",
  TITLE =        "A simple, fast and accurate algorithm to estimate large phylogenies by maximum likelihood",
  JOURNAL =      "Syst. Biol.",
  YEAR =         "2003",
  VOLUME =       "52",
  PAGES =        "696--704"
}

@ARTICLE{Hampel:1974,
  AUTHOR =       "F. R. Hampel",
  TITLE =        "The influence curve and its role in robust estimation",
  JOURNAL =      "J. Amer. Statist. Assoc.",
  YEAR =         "1974",
  VOLUME =       "69",
  PAGES =        "383--393"
}

@BOOK{Huber:2004,
  AUTHOR =       "P. J. Huber",
  TITLE =        "Robust statistics",
  PUBLISHER =    "Wiley",
  ADDRESS =      "Sussex",
  YEAR =         "2004"
}

@ARTICLE{Miller:1974,
  AUTHOR =       "R. G. Miller",
  TITLE =        "The jackknife---a review",
  JOURNAL =      "Biometrika",
  YEAR =         "1974",
  VOLUME =       "61",
  PAGES =        "1--15"
}

@ARTICLE{Penny_Hendy:1985,
  AUTHOR =       "D. Penny and M. D. Hendy",
  TITLE =        "The use of tree comparison metrics",
  JOURNAL =      "Syst. Zool.",
  YEAR =         "1985",
  VOLUME =       "34",
  PAGES =        "75--82"
}

@ARTICLE{Posada_Crandall:1998,
  AUTHOR =       "D. Posada and K. A. Crandall",
  TITLE =        "Modeltest: testing the model of {DNA} substitution",
  JOURNAL =      "Bioinformatics",
  YEAR =         "1998",
  VOLUME =       "14",
  PAGES =        "817--818"
}

@ARTICLE{Vandenkoornhuyse_Baldauf_Leyval_Straczek_Young:2002,
  AUTHOR =       "P. Vandenkoornhuyse and S. L. Baldauf and C. Leyval and J. Straczek and J. P. W. Young",
  TITLE =        "Extensive and novel fungal diversity in plant roots",
  JOURNAL =      "Science",
  YEAR =         "2002",
  VOLUME =       "295",
  PAGES =        "2051"
}

@INCOLLECTION{Zucker_Mathews_Turner:1999,
  AUTHOR =       "M. Zucker and D. H. Mathews and D. H. Turner",
  TITLE =        "Algorithms and thermodynamics for {RNA} secondary
                  structure prediction: a practical guide",
  BOOKTITLE =    "RNA biochemistry and biotechnology",
  SERIES =       "NATO ASI Series",
  EDITOR =       "J. Barciszewski and B. F. C. Clark",
  PUBLISHER =    "Kluwer Academic Publishers",
  ADDRESS =      "New York",
  YEAR =         "1999",
  PAGES =        "11--43"
}

% Homepages and Internet Material
% Reference should include the following:
% Title of homepage [medium designator].
% Date. Edition. Place of publication: publisher.

@MISC{ASPnet:1994-2005,
  AUTHOR =       "{ASP\emph{net}: plant pathology online [{I}nternet]}",
  YEAR =         "1994--2005",
  NOTE =         "St Paul (MN): American Phytopathological Association. Available from: http://www.aspnet.org/"
}

% Databases on the Internet
% Reference should include the following:
% Title of database [medium designator].
% Edition. Place of publication: publisher.
% Beginning date – ending date [date updated; date cited].

@MISC{IMGT/HLA:2003,
  AUTHOR =       "{IMGT/HLA Sequence Database [Internet]}",
  YEAR =         "2003",
  NOTE =         "Release 2.9.0. Cambridge (England): European Bioinformatics Institute.
                  [Updated 2005 June 1; cited 2005 June 20].
                  Available from: http://www.ebi.ac.uk/imgt/hla/"
}

% Dissertations and Theses
% Reference should include the following:
% Author(s). Date.
% Title of dissertation or thesis [content designator].
% Place of publication: publisher.

@PHDTHESIS{Lutz:1989,
  AUTHOR =       "M. Lutz",
  TITLE =        "American nervousness and the economy of cultural change",
  SCHOOL =       "Stanford University",
  ADDRESS =      "Stanford (CA)",
  YEAR =         "1989",
  TYPE =         "dissertation"
}

@MASTERSTHESIS{Oviedo:1995,
  AUTHOR =       "S. Oviedo",
  TITLE =        "Adolescent pregnancy: voices heard in the everyday lives of pregnant teenagers",
  SCHOOL =       "University of North Texas",
  ADDRESS =      "Denton (TX)",
  YEAR =         "1995",
  TYPE =         "master's thesis"
}

% In Press

@ARTICLE{Zhivotovsky_Feldman:2003,
  AUTHOR =       "L. A. Zhivotovsky and M. W. Feldman",
  TITLE =        "Microsatellite variability and genetic distances",
  JOURNAL =      "Proc. Natl Acad. Sci. USA",
  YEAR =         "Forthcoming 2003"
}

% Conference Proceedings
% Reference should include the following:
% Editor(s). Date. Title of book.
% Number and name of conference; date of conference; place of conference.
% Place of publication: publisher.

@PROCEEDINGS{Callaos_Margenstern_Zhang_Castillo_Doberkat:2003,
  EDITOR =       "N. Callaos and M. Margenstern and J. Zhang and O. Castillo and E. E. Doberkat",
  TITLE =        "Proceedings of the 7th World Multiconference on Systemics, Cybernetics and Informatics;
                  2003 Jul 27--30; Orlando, FL",
  PUBLISHER =    "International Institute of Informatics and Systematics",
  ADDRESS =      "Orlando (FL)",
  YEAR =         "2003"
}

% Conference Paper
% Reference should include the following:
% Author(s) of paper. Date. Title of paper.
% In: Editor(s). Title of book.
% Number and name of conference; date of conference; place of conference.
% Place of publication: publisher.
% Pages in book.

@INPROCEEDINGS{Lee_Bates_Dromey_Xu_Antani:2003,
  AUTHOR =       "D. J. Lee and D. Bates and C. Dromey and X. Xu and S. Antani",
  TITLE =        "An imaging system correlating lip shapes with tongue contact patterns for speech pathology research",
  BOOKTITLE =    "CBMS2003. Proceedings of the 16th IEEE Symposium on Computer-Based Medical Systems;
                  2003 Jun 26--27; New York",
  EDITOR =       "M. Krol and S. Mitra and D. J. Lee",
  PUBLISHER =    "ISSS Computer Society",
  ADDRESS =      "Los Alamitos (CA)",
  PAGES =        "307--313",
  YEAR =         "2003"
}
